<?xml version="1.0" encoding="UTF-8"?>
<!DOCTYPE html PUBLIC "-//W3C//DTD XHTML 1.0 Transitional//EN"
    "http://www.w3.org/TR/xhtml1/DTD/xhtml1-transitional.dtd">
<html xmlns="http://www.w3.org/1999/xhtml" xml:lang="en" lang="en">
 <head>
  <title>
</title>
<meta http-equiv="Content-Type" content="text/html;charset=utf-8" />
  <meta name='ocr-system' content='tesseract 3.04.00' />
  <meta name='ocr-capabilities' content='ocr_page ocr_carea ocr_par ocr_line ocrx_word'/>
</head>
<body>
  <div class='ocr_page' id='page_1' title='image "./fundamentanovat00unkngoog_0010.png"; bbox 0 0 1204 1475; ppageno 0'>
   <div class='ocr_carea' id='block_1_1' title="bbox 345 494 754 528">
    <p class='ocr_par' dir='ltr' id='par_1_1' title="bbox 345 494 754 528">
     <span class='ocr_line' id='line_1_1' title="bbox 345 494 754 528; baseline 0 -1"><span class='ocrx_word' id='word_1_1' title='bbox 345 494 754 528; x_wconf 87' lang='lat' dir='ltr'>PROOEMIUM.</span> 
     </span>
    </p>
   </div>
   <div class='ocr_carea' id='block_1_2' title="bbox 73 652 1017 1233">
    <p class='ocr_par' dir='ltr' id='par_1_2' title="bbox 73 652 1017 1233">
     <span class='ocr_line' id='line_1_2' title="bbox 83 652 1017 691; baseline -0.001 -7"><span class='ocrx_word' id='word_1_2' title='bbox 83 652 156 684; x_wconf 86' lang='lat' dir='ltr'><strong>Ante</strong></span> <span class='ocrx_word' id='word_1_3' title='bbox 172 661 302 684; x_wconf 81' lang='lat' dir='ltr'>biennium</span> <span class='ocrx_word' id='word_1_4' title='bbox 321 662 383 689; x_wconf 83' lang='lat' dir='ltr'><strong>fere,</strong></span> <span class='ocrx_word' id='word_1_5' title='bbox 411 669 470 684; x_wconf 88' lang='lat' dir='ltr'><strong>cum</strong></span> <span class='ocrx_word' id='word_1_6' title='bbox 487 661 609 684; x_wconf 83' lang='lat' dir='ltr'><strong>theoriam</strong></span> <span class='ocrx_word' id='word_1_7' title='bbox 627 661 786 684; x_wconf 78' lang='lat' dir='ltr'><strong>functionum</strong></span> <span class='ocrx_word' id='word_1_8' title='bbox 802 661 966 691; x_wconf 76' lang='lat' dir='ltr'><strong>elliptiearum</strong></span> <span class='ocrx_word' id='word_1_9' title='bbox 980 668 1017 684; x_wconf 83' lang='lat' dir='ltr'><strong>ac-</strong></span> 
     </span>
     <span class='ocr_line' id='line_1_3' title="bbox 82 706 1017 737; baseline -0.001 -7"><span class='ocrx_word' id='word_1_10' title='bbox 82 707 191 730; x_wconf 79' lang='lat' dir='ltr'><strong>curat-ius</strong></span> <span class='ocrx_word' id='word_1_11' title='bbox 209 707 348 729; x_wconf 75' lang='lat' dir='ltr'><strong>examinare</strong></span> <span class='ocrx_word' id='word_1_12' title='bbox 366 706 470 736; x_wconf 82' lang='lat' dir='ltr'>placuit,</span> <span class='ocrx_word' id='word_1_13' title='bbox 494 706 569 729; x_wconf 77' lang='lat' dir='ltr'><strong>incidi</strong></span> <span class='ocrx_word' id='word_1_14' title='bbox 583 706 610 729; x_wconf 88' lang='lat' dir='ltr'><strong>in</strong></span> <span class='ocrx_word' id='word_1_15' title='bbox 625 706 781 737; x_wconf 68' lang='lat' dir='ltr'><strong>quaestiones</strong></span> <span class='ocrx_word' id='word_1_16' title='bbox 796 706 915 736; x_wconf 80' lang='lat' dir='ltr'><strong>quasdam</strong></span> <span class='ocrx_word' id='word_1_17' title='bbox 929 706 1017 736; x_wconf 81' lang='lat' dir='ltr'><strong>gravis-</strong></span> 
     </span>
     <span class='ocr_line' id='line_1_4' title="bbox 82 750 1016 781; baseline 0 -8"><span class='ocrx_word' id='word_1_18' title='bbox 82 751 167 779; x_wconf 78' lang='lat' dir='ltr'><strong>simas,</strong></span> <span class='ocrx_word' id='word_1_19' title='bbox 193 758 255 781; x_wconf 72' lang='lat' dir='ltr'><strong>quae</strong></span> <span class='ocrx_word' id='word_1_20' title='bbox 273 755 298 774; x_wconf 85' lang='lat' dir='ltr'><strong>et</strong></span> <span class='ocrx_word' id='word_1_21' title='bbox 316 750 426 774; x_wconf 74' lang='lat' dir='ltr'><strong>theoriae</strong></span> <span class='ocrx_word' id='word_1_22' title='bbox 443 750 477 773; x_wconf 88' lang='lat' dir='ltr'><strong>illi</strong></span> <span class='ocrx_word' id='word_1_23' title='bbox 496 758 587 773; x_wconf 81' lang='lat' dir='ltr'><strong>novam</strong></span> <span class='ocrx_word' id='word_1_24' title='bbox 606 750 693 774; x_wconf 82' lang='lat' dir='ltr'><strong>faciem</strong></span> <span class='ocrx_word' id='word_1_25' title='bbox 712 758 805 778; x_wconf 80' lang='lat' dir='ltr'><strong>creare,</strong></span> <span class='ocrx_word' id='word_1_26' title='bbox 833 754 857 773; x_wconf 89' lang='lat' dir='ltr'><strong>et</strong></span> <span class='ocrx_word' id='word_1_27' title='bbox 874 751 1016 773; x_wconf 87' lang='lat' dir='ltr'><strong>universam</strong></span> 
     </span>
     <span class='ocr_line' id='line_1_5' title="bbox 81 794 1016 825; baseline -0.001 -7"><span class='ocrx_word' id='word_1_28' title='bbox 81 799 159 818; x_wconf 81' lang='lat' dir='ltr'><strong>artem</strong></span> <span class='ocrx_word' id='word_1_29' title='bbox 179 795 325 825; x_wconf 76' lang='lat' dir='ltr'><strong>analyticam</strong></span> <span class='ocrx_word' id='word_1_30' title='bbox 346 795 475 824; x_wconf 76' lang='lat' dir='ltr'><strong>insigniter</strong></span> <span class='ocrx_word' id='word_1_31' title='bbox 498 802 646 825; x_wconf 84' lang='lat' dir='ltr'><strong>promovere</strong></span> <span class='ocrx_word' id='word_1_32' title='bbox 668 795 823 818; x_wconf 84' lang='lat' dir='ltr'><strong>videbantur.</strong></span> <span class='ocrx_word' id='word_1_33' title='bbox 866 794 962 824; x_wconf 89' lang='lat' dir='ltr'>Quibus</span> <span class='ocrx_word' id='word_1_34' title='bbox 985 794 1016 817; x_wconf 79' lang='lat' dir='ltr'><strong>ad</strong></span> 
     </span>
     <span class='ocr_line' id='line_1_6' title="bbox 73 828 1014 869; baseline 0 -7"><span class='ocrx_word' id='word_1_35' title='bbox 73 839 174 862; x_wconf 28' lang='lat' dir='ltr'><strong>rexitum</strong></span> <span class='ocrx_word' id='word_1_36' title='bbox 195 839 288 862; x_wconf 78' lang='lat' dir='ltr'><strong>felicem</strong></span> <span class='ocrx_word' id='word_1_37' title='bbox 312 843 336 862; x_wconf 83' lang='lat' dir='ltr'><strong>et</strong></span> <span class='ocrx_word' id='word_1_38' title='bbox 358 843 462 869; x_wconf 86' lang='lat' dir='ltr'><strong>propter</strong></span> <span class='ocrx_word' id='word_1_39' title='bbox 483 828 655 862; x_wconf 72' lang='lat' dir='ltr'><strong>difficultatem</strong></span> <span class='ocrx_word' id='word_1_40' title='bbox 674 839 710 862; x_wconf 84' lang='lat' dir='ltr'><strong>rei</strong></span> <span class='ocrx_word' id='word_1_41' title='bbox 728 839 769 861; x_wconf 86' lang='lat' dir='ltr'><strong>vix</strong></span> <span class='ocrx_word' id='word_1_42' title='bbox 788 843 943 869; x_wconf 78' lang='lat' dir='ltr'><strong>expectatum</strong></span> <span class='ocrx_word' id='word_1_43' title='bbox 961 845 1014 868; x_wconf 84' lang='lat' dir='ltr'><strong>per—</strong></span> 
     </span>
     <span class='ocr_line' id='line_1_7' title="bbox 80 882 1013 912; baseline 0 -6"><span class='ocrx_word' id='word_1_44' title='bbox 80 883 174 911; x_wconf 87' lang='lat' dir='ltr'><strong>ductis,</strong></span> <span class='ocrx_word' id='word_1_45' title='bbox 205 882 286 912; x_wconf 82' lang='lat' dir='ltr'><strong>prima</strong></span> <span class='ocrx_word' id='word_1_46' title='bbox 312 890 396 905; x_wconf 84' lang='lat' dir='ltr'><strong>earum</strong></span> <span class='ocrx_word' id='word_1_47' title='bbox 423 887 550 906; x_wconf 67' lang='lat' dir='ltr'><strong>momenta</strong></span> <span class='ocrx_word' id='word_1_48' title='bbox 571 883 680 906; x_wconf 81' lang='lat' dir='ltr'><strong>breviter</strong></span> <span class='ocrx_word' id='word_1_49' title='bbox 701 887 725 906; x_wconf 86' lang='lat' dir='ltr'><strong>et</strong></span> <span class='ocrx_word' id='word_1_50' title='bbox 746 883 800 906; x_wconf 86' lang='lat' dir='ltr'><strong>sine</strong></span> <span class='ocrx_word' id='word_1_51' title='bbox 825 883 1013 906; x_wconf 80' lang='lat' dir='ltr'><strong>demonstratio—</strong></span> 
     </span>
     <span class='ocr_line' id='line_1_8' title="bbox 79 928 1013 957; baseline -0.001 -5"><span class='ocrx_word' id='word_1_52' title='bbox 79 937 123 957; x_wconf 84' lang='lat' dir='ltr'><strong>ne,</strong></span> <span class='ocrx_word' id='word_1_53' title='bbox 149 936 208 952; x_wconf 85' lang='lat' dir='ltr'><strong>mox</strong></span> <span class='ocrx_word' id='word_1_54' title='bbox 228 936 286 952; x_wconf 89' lang='lat' dir='ltr'><strong>cum</strong></span> <span class='ocrx_word' id='word_1_55' title='bbox 305 928 473 951; x_wconf 86' lang='lat' dir='ltr'><strong>vehementius</strong></span> <span class='ocrx_word' id='word_1_56' title='bbox 491 929 532 951; x_wconf 81' lang='lat' dir='ltr'><strong>illa</strong></span> <span class='ocrx_word' id='word_1_57' title='bbox 551 929 694 957; x_wconf 80' lang='lat' dir='ltr'><strong>desiderari,</strong></span> <span class='ocrx_word' id='word_1_58' title='bbox 722 933 745 952; x_wconf 90' lang='lat' dir='ltr'><strong>et</strong></span> <span class='ocrx_word' id='word_1_59' title='bbox 766 929 867 952; x_wconf 86' lang='lat' dir='ltr'><strong>invento</strong></span> <span class='ocrx_word' id='word_1_60' title='bbox 886 936 953 952; x_wconf 84' lang='lat' dir='ltr'><strong>novo</strong></span> <span class='ocrx_word' id='word_1_61' title='bbox 973 929 1013 951; x_wconf 83' lang='lat' dir='ltr'><strong>vix</strong></span> 
     </span>
     <span class='ocr_line' id='line_1_9' title="bbox 79 974 1011 1003; baseline -0.002 -5"><span class='ocrx_word' id='word_1_62' title='bbox 79 976 152 998; x_wconf 79' lang='lat' dir='ltr'><strong>fidem</strong></span> <span class='ocrx_word' id='word_1_63' title='bbox 175 974 252 997; x_wconf 79' lang='lat' dir='ltr'><strong>tribui</strong></span> <span class='ocrx_word' id='word_1_64' title='bbox 275 974 411 1002; x_wconf 82' lang='lat' dir='ltr'><strong>videretur,</strong></span> <span class='ocrx_word' id='word_1_65' title='bbox 438 974 520 997; x_wconf 72' lang='lat' dir='ltr'><strong>addita</strong></span> <span class='ocrx_word' id='word_1_66' title='bbox 543 974 766 1003; x_wconf 78' lang='lat' dir='ltr'><strong>demonstratione,</strong></span> <span class='ocrx_word' id='word_1_67' title='bbox 793 982 852 998; x_wconf 87' lang='lat' dir='ltr'><strong>cum</strong></span> <span class='ocrx_word' id='word_1_68' title='bbox 873 974 1011 997; x_wconf 82' lang='lat' dir='ltr'><strong>Geometris</strong></span> 
     </span>
     <span class='ocr_line' id='line_1_10' title="bbox 79 1019 1013 1050; baseline 0 -7"><span class='ocrx_word' id='word_1_69' title='bbox 79 1020 268 1043; x_wconf 74' lang='lat' dir='ltr'><strong>communicavi.</strong></span> <span class='ocrx_word' id='word_1_70' title='bbox 308 1020 416 1049; x_wconf 73' lang='lat' dir='ltr'><strong>Urgebar</strong></span> <span class='ocrx_word' id='word_1_71' title='bbox 433 1020 517 1048; x_wconf 90' lang='lat' dir='ltr'><strong>simul,</strong></span> <span class='ocrx_word' id='word_1_72' title='bbox 542 1024 572 1043; x_wconf 88' lang='lat' dir='ltr'><strong>ut</strong></span> <span class='ocrx_word' id='word_1_73' title='bbox 593 1024 699 1050; x_wconf 75' lang='lat' dir='ltr'><strong>systema</strong></span> <span class='ocrx_word' id='word_1_74' title='bbox 718 1020 871 1050; x_wconf 83' lang='lat' dir='ltr'><strong>completum</strong></span> <span class='ocrx_word' id='word_1_75' title='bbox 891 1019 1013 1050; x_wconf 80' lang='lat' dir='ltr'><strong>quaestio-</strong></span> 
     </span>
     <span class='ocr_line' id='line_1_11' title="bbox 78 1065 1013 1095; baseline -0.001 -7"><span class='ocrx_word' id='word_1_76' title='bbox 78 1074 141 1089; x_wconf 87' lang='lat' dir='ltr'><strong>num</strong></span> <span class='ocrx_word' id='word_1_77' title='bbox 157 1073 171 1088; x_wconf 62' lang='grc' dir='ltr'><strong>ἃ</strong></span> <span class='ocrx_word' id='word_1_78' title='bbox 185 1073 225 1088; x_wconf 86' lang='lat' dir='ltr'><strong>me</strong></span> <span class='ocrx_word' id='word_1_79' title='bbox 240 1069 409 1095; x_wconf 73' lang='lat' dir='ltr'><strong>susceptarum</strong></span> <span class='ocrx_word' id='word_1_80' title='bbox 424 1066 450 1088; x_wconf 91' lang='lat' dir='ltr'><strong>in</strong></span> <span class='ocrx_word' id='word_1_81' title='bbox 464 1065 593 1095; x_wconf 87' lang='lat' dir='ltr'><strong>publicum</strong></span> <span class='ocrx_word' id='word_1_82' title='bbox 608 1065 712 1089; x_wconf 75' lang='lat' dir='ltr'><strong>ederem,</strong></span> <span class='ocrx_word' id='word_1_83' title='bbox 747 1065 794 1088; x_wconf 87' lang='lat' dir='ltr'><strong>Cui</strong></span> <span class='ocrx_word' id='word_1_84' title='bbox 807 1065 926 1089; x_wconf 81' lang='lat' dir='ltr'><strong>desiderio</strong></span> <span class='ocrx_word' id='word_1_85' title='bbox 940 1068 970 1087; x_wconf 85' lang='lat' dir='ltr'><strong>ut</strong></span> <span class='ocrx_word' id='word_1_86' title='bbox 984 1072 1013 1087; x_wconf 85' lang='lat' dir='ltr'><strong>ex</strong></span> 
     </span>
     <span class='ocr_line' id='line_1_12' title="bbox 78 1111 1012 1141; baseline -0.001 -7"><span class='ocrx_word' id='word_1_87' title='bbox 78 1115 148 1141; x_wconf 80' lang='lat' dir='ltr'><strong>parte</strong></span> <span class='ocrx_word' id='word_1_88' title='bbox 165 1111 251 1134; x_wconf 80' lang='lat' dir='ltr'><strong>saltem</strong></span> <span class='ocrx_word' id='word_1_89' title='bbox 270 1111 445 1139; x_wconf 80' lang='lat' dir='ltr'><strong>satisfacerem,</strong></span> <span class='ocrx_word' id='word_1_90' title='bbox 472 1111 643 1139; x_wconf 79' lang='lat' dir='ltr'><strong>fundamenta,</strong></span> <span class='ocrx_word' id='word_1_91' title='bbox 668 1111 758 1141; x_wconf 80' lang='lat' dir='ltr'><strong>quibus</strong></span> <span class='ocrx_word' id='word_1_92' title='bbox 774 1111 930 1141; x_wconf 81' lang='lat' dir='ltr'><strong>quaestiones</strong></span> <span class='ocrx_word' id='word_1_93' title='bbox 944 1118 1012 1133; x_wconf 86' lang='lat' dir='ltr'><strong>meae</strong></span> 
     </span>
     <span class='ocr_line' id='line_1_13' title="bbox 78 1156 1012 1187; baseline -0.001 -7"><span class='ocrx_word' id='word_1_94' title='bbox 78 1161 260 1187; x_wconf 73' lang='lat' dir='ltr'><strong>supet-structae</strong></span> <span class='ocrx_word' id='word_1_95' title='bbox 271 1161 341 1185; x_wconf 87' lang='lat' dir='ltr'><strong>sunt,</strong></span> <span class='ocrx_word' id='word_1_96' title='bbox 360 1157 386 1180; x_wconf 86' lang='lat' dir='ltr'><strong>in</strong></span> <span class='ocrx_word' id='word_1_97' title='bbox 397 1157 525 1187; x_wconf 81' lang='lat' dir='ltr'><strong>publicum</strong></span> <span class='ocrx_word' id='word_1_98' title='bbox 536 1157 608 1180; x_wconf 83' lang='lat' dir='ltr'><strong>edere</strong></span> <span class='ocrx_word' id='word_1_99' title='bbox 619 1157 744 1180; x_wconf 78' lang='lat' dir='ltr'><strong>constitui.</strong></span> <span class='ocrx_word' id='word_1_100' title='bbox 773 1156 842 1184; x_wconf 79' lang='lat' dir='ltr'><strong>Quae</strong></span> <span class='ocrx_word' id='word_1_101' title='bbox 852 1156 1012 1179; x_wconf 73' lang='lat' dir='ltr'><strong>fimdamenta</strong></span> 
     </span>
     <span class='ocr_line' id='line_1_14' title="bbox 77 1197 1011 1233; baseline -0.001 -7"><span class='ocrx_word' id='word_1_102' title='bbox 77 1210 142 1226; x_wconf 79' lang='lat' dir='ltr'><strong>nova</strong></span> <span class='ocrx_word' id='word_1_103' title='bbox 158 1203 268 1226; x_wconf 83' lang='lat' dir='ltr'><strong>theoriae</strong></span> <span class='ocrx_word' id='word_1_104' title='bbox 281 1203 438 1226; x_wconf 81' lang='lat' dir='ltr'><strong>functionum</strong></span> <span class='ocrx_word' id='word_1_105' title='bbox 451 1203 613 1233; x_wconf 77' lang='lat' dir='ltr'><strong>ellipticarum</strong></span> <span class='ocrx_word' id='word_1_106' title='bbox 628 1203 678 1226; x_wconf 81' lang='lat' dir='ltr'><strong>iam</strong></span> <span class='ocrx_word' id='word_1_107' title='bbox 692 1197 858 1231; x_wconf 71' lang='lat' dir='ltr'><strong>indiilgcntiae</strong></span> <span class='ocrx_word' id='word_1_108' title='bbox 871 1202 1011 1225; x_wconf 80' lang='lat' dir='ltr'><strong>Geometra-</strong></span> 
     </span>
    </p>
   </div>
   <div class='ocr_carea' id='block_1_3' title="bbox 77 1249 729 1310">
    <p class='ocr_par' dir='ltr' id='par_1_3' title="bbox 77 1249 729 1310">
     <span class='ocr_line' id='line_1_15' title="bbox 77 1249 359 1272; baseline 0 -1"><span class='ocrx_word' id='word_1_109' title='bbox 77 1256 134 1271; x_wconf 85' lang='lat' dir='ltr'><strong>rum</strong></span> <span class='ocrx_word' id='word_1_110' title='bbox 150 1249 359 1272; x_wconf 72' lang='lat' dir='ltr'><strong>commendamus.</strong></span> 
     </span>
     <span class='ocr_line' id='line_1_16' title="bbox 702 1294 729 1310; baseline 0 -6"><span class='ocrx_word' id='word_1_111' title='bbox 702 1298 713 1310; x_wconf 68' lang='lat' dir='ltr'>ss</span> <span class='ocrx_word' id='word_1_112' title='bbox 719 1294 729 1304; x_wconf 60' lang='lat'>⁸</span> 
     </span>
    </p>
   </div>
  </div>
 </body>
</html>
